@inproceedings{cole2023,
    author = {Cole, Evan and Malaise, Yoshi and Signer, Beat},
    title = {{Computing Education Research as a Translational Transdiscipline}},
    year = {2023},
    isbn = {9781450394314},
    doi = {10.1145/3545945.3569771},
    booktitle = {Proceedings of the 54th ACM Technical Symposium on Computer Science Education V. 1},
}

@inproceedings{malaise2023codeschool,
  title={{Codeschool in a Box: A Low-Barrier Approach to Packaging Programming Curricula.}},
  author={Malaise, Yoshi and Cole, Evan and Signer, Beat},
  booktitle={Proceedings of the 15th International Conference on Computer Supported Education},
  pages={281--288},
  year={2023}
}

@inproceedings{Malaise2023Explorotron,
    author = {Malaise, Yoshi and Signer, Beat},
    title = {{Explorotron: An IDE Extension for Guided and Independent Code Exploration and Learning (Discussion Paper)}},
    year = {2024},
    isbn = {9798400716539},
    doi = {10.1145/3631802.3631816},
    booktitle = {Proceedings of the 23rd Koli Calling International Conference on Computing Education Research},
    articleno = {24},
    numpages = {8},
    series = {Koli Calling '23}
}

@inproceedings{chowdhury2020towards,
  title={{Towards a Blockchain-based Decentralised Educational Landscape}},
  author={Chowdhury, Niaz and Ramachandran, Manoharan and Third, Allan and Mikroyannidis, Alexander and Bachler, Michelle and Domingue, John},
  year={2020},
booktitle={Proceedings of the Twelfth International Conference on Mobile, Hybrid, and On-line Learning},
uri={https://oro.open.ac.uk/69608/}
}

@article{mikroyannidis2020blockchain,
  title={Blockchain applications in education: a case study in lifelong learning},
  author={Mikroyannidis, Alexander},
  year={2020},
booktitle={Proceedings of the Twelfth International Conference on Mobile, Hybrid, and On-line Learning},
uri={https://oro.open.ac.uk/69593/}
}

@article{kulik2016effectiveness,
  title={{Effectiveness of Intelligent Tutoring Systems: a Meta-Analytic Review}},
  author={Kulik, James A and Fletcher, John D},
  journal={Review of educational research},
  volume={86},
  year={2016},
  publisher={Sage Publications Sage CA}
}

@article{prain2013personalised,
  title={{Personalised Learning: Lessons to be Learnt}},
  author={Prain, Vaughan and Cox, Peter and Deed, Craig and Dorman, Jeffrey and Edwards, Debra and Farrelly, Cathleen and Keeffe, Mary and Lovejoy, Valerie and Mow, Lucy and Sellings, Peter and others},
  journal={British Educational Research Journal},
  DOI={10.1080/01411926.2012.669747},
  year={2013}
}

@article{siegel2022impact,
  title={{The Impact of Electronic Monitoring on Employees' Job Satisfaction, Stress, Performance, and Counterproductive Work Behavior: A Meta-Analysis}},
  author={Siegel, Rudolf and K{\"o}nig, Cornelius J and Lazar, Veronika},
  journal={Computers in Human Behavior Reports},
  volume={8},
  DOI={10.1016/j.chbr.2022.100227},
  year={2022}
}

@article{sentance2019teaching,
  title={{Teaching Computer Programming With PRIMM: A Sociocultural Perspective}},
  author={Sentance, Sue and Waite, Jane and Kallia, Maria},
  journal={Computer Science Education},
  DOI={10.1080/08993408.2019.1608781},
  volume={29},
  number={2--3},
  year={2019}
}

@article{bulut2023introduction,
  title={{An Introduction to Bayesian Knowledge Tracing with PyBKT}},
  author={Bulut, Okan and Shin, Jinnie and Yildirim-Erbasli, Seyma N and Gorgun, Guher and Pardos, Zachary A},
  journal={Psych},
  volume={5},
  number={3},
  year={2023},
  publisher={MDPI}
}

@inproceedings{janowicz2010stimulus,
	title={{The Stimulus-Sensor-Observation Ontology Design Pattern and its Integration Into the Semantic Sensor Network Ontology}},
	author={Janowicz, Krzysztof and Compton, Michael},
	booktitle={Proceedings of SSN 2010, International Workshop on Semantic Sensor Networks},
	year={2010}
}

@article{janowicz2019sosa,
  title={{SOSA: A Lightweight Ontology for Sensors, Observations, Samples, and Actuators}},
  author={Janowicz, Krzysztof and Haller, Armin and Cox, Simon JD and Le Phuoc, Danh and Lefran{\c{c}}ois, Maxime},
  journal={Journal of Web Semantics},
  volume={56},
  year={2019},
  month={May},
  doi={10.1016/j.websem.2018.06.003}
}

@misc{brickley2007foaf,
  title={{FOAF Vocabulary Specification 0.91}},
  author={Brickley, Dan and Miller, Libby},
  year={2007},
  publisher={Citeseer}
}

@techreport{weibel1998dublin,
  title={{Dublin Core Metadata for Resource Discovery}},
  author={Weibel, Stuart and Kunze, John and Lagoze, Carl and Wolf, Misha},
  year={1998}
}

@article{10.1002/asi.24744,
author = {Iliadis, Andrew and Acker, Amelia and Stevens, Wesley and Kavakli, Sezgi Ba≈üak},
title = {{One Schema to Rule them All: How Schema.org Models the World of Search}},
journal = {Journal of the Association for Information Science and Technology},
year={2023},
doi = {https://doi.org/10.1002/asi.24744},
}

@InProceedings{10.1007/978-3-540-76298-0_52,
author="Auer, S{\"o}ren
and Bizer, Christian
and Kobilarov, Georgi
and Lehmann, Jens
and Cyganiak, Richard
and Ives, Zachary",
editor="Aberer, Karl
and Choi, Key-Sun
and Noy, Natasha
and Allemang, Dean
and Lee, Kyung-Il
and Nixon, Lyndon
and Golbeck, Jennifer
and Mika, Peter
and Maynard, Diana
and Mizoguchi, Riichiro
and Schreiber, Guus
and Cudr{\'e}-Mauroux, Philippe",
title="DBpedia: A Nucleus for a Web of Open Data",
booktitle="The Semantic Web",
year="2007",
publisher="Springer Berlin Heidelberg",
address="Berlin, Heidelberg",
pages="722--735",
isbn="978-3-540-76298-0"
}

